\bibliographystyle{./IEEEtran}
\bibliography{./IEEEabrv,./data}
@Book{T1,
ALTauthor = {P. Mell and T. Grance},
title = {“The NIST definition of cloud computing” },
year = {2009.}
}
@Book{T2,
ALTauthor = {F. Amato, A. Mazzeo, V. Moscato, and A. Picariello},
title = {“A Framework for Semantic Interoperability over the Cloud”},
year = {25-28 March 2013, 2013, "pp.1259-64".}
}
@Book{T3,
ALTauthor = {Chia-Hui Liu, Fong-Qi Lin, Dai-Lun Chiang, Tzer-Long Chen, Chin-Sheng Chen, Han-Yu Lin, Yu-
Fang Chung, and Tzer-Shyong Chen},
title = {“Secure PHR Access Control Scheme for Healthcare Application Clouds”},
year = {Oct,2013, 2013.}
}





